<?xml version="1.0" encoding="UTF-8"?><collection xmlns="http://www.loc.gov/MARC21/slim"><record><leader>00376nam--2200133-i-4500</leader><controlfield tag="001">000039613</controlfield><controlfield tag="002">20161230</controlfield><controlfield tag="005">20161230201042</controlfield><controlfield tag="008">060222s1000------------r-----000-0-eng-d</controlfield><datafield ind1=" " ind2=" " tag="080"><subfield code="a">621.039.51</subfield></datafield><datafield ind1=" " ind2=" " tag="100"><subfield code="a">Rosescu, Teodor</subfield></datafield><datafield ind1=" " ind2=" " tag="245"><subfield code="a">Collision probabilities in nuclear reactor theory. - bibliography -</subfield></datafield><datafield ind1=" " ind2=" " tag="260"><subfield code="a">Bucharest, Inst.Of Atomic Physics, 1966, 15p</subfield></datafield><datafield ind1=" " ind2=" " tag="852"><subfield code="a">D.1257</subfield></datafield></record></collection>